@article{Wenninger:2668326,
      author        = "Wenninger, Jorg",
      title         = "{Operation and Configuration of the LHC in Run 2}",
      year          = "2019",
      url           = "https://cds.cern.ch/record/2668326",
}

@article{Evans:2008zzb,
    editor = "Evans, Lyndon and Bryant, Philip",
    title = "{LHC Machine}",
    doi = "10.1088/1748-0221/3/08/S08001",
    journal = "JINST",
    volume = "3",
    pages = "S08001",
    year = "2008"
}

@misc{hepdata,
    howpublished = "{HEPData} record for this analysis",
    doi = "10.17182/hepdata.114781",
    year = "2022"
}

@article{Bernreuther:2013aga,
    author = "Bernreuther, Werner and Si, Zong-Guo",
    title = "Top quark spin correlations and polarization at the {LHC}: standard model predictions and effects of anomalous top chromo moments",
    eprint = "1305.2066",
    archivePrefix = "arXiv",
    primaryClass = "hep-ph",
    doi = "10.1016/j.physletb.2013.06.051",
    journal = "Phys. Lett. B",
    volume = "725",
    pages = "115",
    year = "2013"
}

@article{Glashow:1970gm,
    author = "Glashow, S. L. and Iliopoulos, J. and Maiani, L.",
    title = "Weak interactions with lepton-hadron symmetry",
    doi = "10.1103/PhysRevD.2.1285",
    journal = "Phys. Rev. D",
    volume = "2",
    pages = "1285",
    year = "1970"
}

@article{CMS:2016lmd,
    author = "Khachatryan, Vardan and others",
    collaboration = "CMS",
    title = "Jet energy scale and resolution in the {CMS} experiment in \pp collisions at {8\TeV}",
    eprint = "1607.03663",
    archivePrefix = "arXiv",
    primaryClass = "hep-ex",
    doi = "10.1088/1748-0221/12/02/P02014",
    journal = "JINST",
    volume = "12",
    pages = "P02014",
    year = "2017"
}

@article{CMS:2016oae,
    author = "Khachatryan, Vardan and others",
    collaboration = "CMS",
    title = "{Measurement of differential cross sections for top quark pair production using the lepton+jets final state in proton-proton collisions at 13 TeV}",
    eprint = "1610.04191",
    archivePrefix = "arXiv",
    primaryClass = "hep-ex",
    doi = "10.1103/PhysRevD.95.092001",
    journal = "Phys. Rev. D",
    volume = "95",
    number = "9",
    pages = "092001",
    year = "2017"
}

@article{ATLAS:2019hxz,
    author = "Aad, Georges and others",
    collaboration = "ATLAS",
    title = "{Measurements of top-quark pair differential and double-differential cross-sections in the leptonn+jets channel with $pp$ collisions at 13 TeV using the ATLAS detector}",
    eprint = "1908.07305",
    archivePrefix = "arXiv",
    primaryClass = "hep-ex",
    doi = "10.1140/epjc/s10052-019-7525-6",
    journal = "Eur. Phys. J. C",
    volume = "79",
    number = "12",
    pages = "1028",
    year = "2019",
}


@article{Kidonakis:2012rm,
    author = "Kidonakis, Nikolaos",
    title = "{NNLL} threshold resummation for top-pair and single-top production",
    eprint = "1210.7813",
    archivePrefix = "arXiv",
    primaryClass = "hep-ph",
    doi = "10.1134/S1063779614040091",
    journal = "Phys. Part. Nucl.",
    volume = "45",
    pages = "714",
    year = "2014"
}

@article{Czakon:2015owf,
    author = "Czakon, Michal and Heymes, David and Mitov, Alexander",
    title = "High-precision differential predictions for top-quark pairs at the {LHC}",
    eprint = "1511.00549",
    archivePrefix = "arXiv",
    primaryClass = "hep-ph",
    doi = "10.1103/PhysRevLett.116.082003",
    journal = "Phys. Rev. Lett.",
    volume = "116",
    pages = "082003",
    year = "2016"
}

@article{Czakon:2017wor,
    author = "Czakon, Michal and Heymes, David and Mitov, Alexander and Pagani, Davide and Tsinikos, Ioannis and Zaro, Marco",
    title = "Top-pair production at the {LHC} through {NNLO} {QCD} and {NLO} {EW}",
    eprint = "1705.04105",
    archivePrefix = "arXiv",
    primaryClass = "hep-ph",
    doi = "10.1007/JHEP10(2017)186",
    journal = "JHEP",
    volume = "10",
    pages = "186",
    year = "2017"
}

@article{Catani:2019hip,
    author = "Catani, Stefano and Devoto, Simone and Grazzini, Massimiliano and Kallweit, Stefan and Mazzitelli, Javier",
    title = "Top-quark pair production at the {LHC}: fully differential {QCD} predictions at {NNLO}",
    eprint = "1906.06535",
    archivePrefix = "arXiv",
    primaryClass = "hep-ph",
    doi = "10.1007/JHEP07(2019)100",
    journal = "JHEP",
    volume = "07",
    pages = "100",
    year = "2019"
}

@article{LYONS1988110,
    title = "How to combine correlated estimates of a single physical quantity",
    journal = "Nucl. Instrum. Meth. A",
    volume = "270",
    pages = "110",
    year = "1988",
    doi = "10.1016/0168-9002(88)90018-6",
    author = "Lyons, Louis and Gibaut, Duncan and Clifford, Peter"
}

@article{Pajero:2020dum,
    author = "Pajero, T.",
    collaboration = "LHCb",
    title = "{CP} violation in charm at {LHCb}",
    doi = "10.1393/ncc/i2019-19250-3",
    journal = "Nuovo Cim. C",
    volume = "42",
    pages = "250",
    year = "2020"
}

@article{CPVtop:spin_correlation_dtg,
    author = "Bernreuther, Werner and Heisler, Dennis and Si, Zong-Guo",
    title = "A set of top quark spin correlation and polarization observables for the {LHC}: standard model predictions and new physics contributions",
    journal = "JHEP",
    volume = "12",
    year = "2015",
    pages = "026",
    doi = "10.1007/JHEP12(2015)026",
    eprint = "1508.05271",
    archivePrefix = "arXiv",
    primaryClass = "hep-ph"
}

@article{CPVtop:spin_correlation,
    author = "Sirunyan, Albert M and others",
    collaboration = "CMS",
    title = "Measurement of the top quark polarization and \ttbar spin correlations using dilepton final states in proton-proton collisions at $\sqrt{s}={13\TeV}$",
    eprint = "1907.03729",
    archivePrefix = "arXiv",
    primaryClass = "hep-ex",
    doi = "10.1103/PhysRevD.100.072002",
    journal = "Phys. Rev. D",
    volume = "100",
    pages = "072002",
    year = "2019"
}

@techreport{CPVtop:ATLASresult,
    title = "Search for {CP} violation in single top quark events in \pp collisions at $\sqrt{s}={7\TeV}$ with the {ATLAS} detector",
    collaboration = "ATLAS",
    reportNumber = "ATLAS-CONF-2013-032",
    number = "ATLAS-CONF-2013-032",
    type = "ATLAS Conference Note",
    year = "2013",
    url = "http://cds.cern.ch/record/1527128"
}

@article{USCMS:2009fxn,
    author = "Abdullin, S. and others",
    collaboration = "USCMS, ECAL/HCAL",
    title = "{The CMS barrel calorimeter response to particle beams from 2-GeV/c to 350-GeV/c}",
    reportNumber = "FERMILAB-PUB-08-661-E-PPD, CERN-CMS-NOTE-2008-034",
    doi = "10.1140/epjc/s10052-009-0959-5",
    journal = "Eur. Phys. J. C",
    volume = "60",
    pages = "359--373",
    year = "2009",
    note = "[Erratum: Eur.Phys.J.C 61, 353--356 (2009)]"
}

@article{Adzic:2007mi,
    author = "Adzic, P. and others",
    title = "{Energy resolution of the barrel of the CMS electromagnetic calorimeter}",
    reportNumber = "CERN-CMS-NOTE-2006-148",
    doi = "10.1088/1748-0221/2/04/P04004",
    journal = "JINST",
    volume = "2",
    pages = "P04004",
    year = "2007"
}

@article{CMSTrackerGroup:2020edz,
    author = "Adam, W. and others",
    collaboration = "CMS Tracker Group",
    title = "{The CMS Phase-1 Pixel Detector Upgrade}",
    eprint = "2012.14304",
    archivePrefix = "arXiv",
    primaryClass = "physics.ins-det",
    doi = "10.1088/1748-0221/16/02/P02027",
    journal = "JINST",
    volume = "16",
    number = "02",
    pages = "P02027",
    year = "2021"
}

@article{Chatrchyan:1129810,
      author        = "Chatrchyan, Hmayakyan and others",
      title         = "{The CMS experiment at the CERN LHC. The Compact Muon
                       Solenoid experiment}",
      journal       = "JINST",
      collaboration = "CMS Collaboration",
      volume        = "3",
      pages         = "S08004. 361",
      year          = "2008",
      url           = "https://cds.cern.ch/record/1129810",
      doi           = "10.1088/1748-0221/3/08/S08004",
}

@article{CPVtop:chi2value,
    author = "Chatrchyan, Serguei and others",
    collaboration = "CMS",
    title = "Identification of {\PQb}-quark jets with the {CMS} experiment",
    eprint = "1211.4462",
    archivePrefix = "arXiv",
    primaryClass = "hep-ex",
    doi = "10.1088/1748-0221/8/04/P04013",
    journal = "JINST",
    volume = "8",
    pages = "P04013",
    year = "2013"
}

@article{CPVtop:CMSresult,
    author = "Khachatryan, Vardan and others",
    collaboration = "CMS",
    title = "Search for {CP} violation in \ttbar production and decay in proton-proton collisions at $\sqrt{s}={8\TeV}$",
    eprint = "1611.08931",
    archivePrefix = "arXiv",
    primaryClass = "hep-ex",
    doi = "10.1007/JHEP03(2017)101",
    journal = "JHEP",
    volume = "03",
    pages = "101",
    year = "2017"
}

@article{CPVtop:CKMmatrix1973,
    author = {Kobayashi, Makoto and Maskawa, Toshihide},
    title = "{CP violation in the renormalizable theory of weak interaction}",
    journal = {Progress of Theoretical Physics},
    volume = {49},
    pages = {652},
    year = {1973},
    issn = {0033-068X},
    doi = {10.1143/PTP.49.652},
    url = {https://doi.org/10.1143/PTP.49.652},
}

@article{CPVtop:CKMmatrix,
    author = "Hoecker, Andreas and Ligeti, Zoltan",
    title = "{CP} violation and the {CKM} matrix",
    journal = "Ann. Rev. Nucl. Part. Sci.",
    volume = "56",
    year = "2006",
    pages = "501",
    doi = "10.1146/annurev.nucl.56.080805.140456",
    eprint = "hep-ph/0605217",
    archivePrefix = "arXiv",
    primaryClass = "hep-ph"
}

@article{NA48:1999szy,
    author = "Fanti, V. and others",
    collaboration = "NA48",
    title = "A new measurement of direct {CP} violation in two pion decays of the neutral kaon",
    eprint = "hep-ex/9909022",
    archivePrefix = "arXiv",
    doi = "10.1016/S0370-2693(99)01030-8",
    journal = "Phys. Lett. B",
    volume = "465",
    pages = "335",
    year = "1999"
}

@article{CPVtop:Bfactories,
    author = "{Bevan, A. J. and others}",
    title = "The physics of the {\PB} factories",
    eprint = "1406.6311",
    archivePrefix = "arXiv",
    primaryClass = "hep-ex",
    doi = "10.1140/epjc/s10052-014-3026-9",
    journal = "Eur. Phys. J. C",
    volume = "74",
    pages = "3026",
    year = "2014"
}

@article{CPVtop:RevParticlePhy,
    author = "{Particle Data Group} and Zyla, P. A. and others",
    title = "Review of particle physics",
    doi = "10.1093/ptep/ptaa104",
    journal = "Prog. Theor. Exp. Phys.",
    volume = "2020",
    pages = "083C01",
    year = "2020"
}

@article{CPVtop:CPVinTOP,
    author = "Atwood, D. and Bar-Shalom, S. and Eilam, G. and Soni, A.",
    title = "{CP} violation in top physics",
    journal = "Phys. Rept.",
    volume = "347",
    year = "2001",
    pages = "1",
    doi = "10.1016/S0370-1573(00)00112-5",
    eprint = "hep-ph/0006032",
    archivePrefix = "arXiv",
    primaryClass = "hep-ph"
}

@article{CPVtop:CPVsource,
    author = "Valencia, German",
    editor = "D'Hondt, J. and Giammanco, A. and Maltoni, F. and Vander Velde, C.",
    title = "{CP} violation in top-quark physics",
    eprint = "1007.4765",
    archivePrefix = "arXiv",
    primaryClass = "hep-ph",
    doi = "10.1393/ncc/i2010-10673-2",
    journal = "Nuovo Cim. C",
    volume = "033",
    pages = "263",
    year = "2010"
}

@article{CPVtop:8TeVRef,
    author = "Gupta, S. K. and Mete, A. S. and Valencia, G.",
    title = "{CP}-violating anomalous top-quark couplings at the {LHC}",
    journal = "Phys. Rev. D",
    volume = "80",
    year = "2009",
    pages = "034013",
    doi = "10.1103/PhysRevD.80.034013",
    eprint = "0905.1074",
    archivePrefix = "arXiv",
    primaryClass = "hep-ph"
}

@article{CPVtop:13TeVRef,
    author = "Hayreter, Alper and Valencia, German",
    title = "{T}-odd correlations from top-quark {CEDM} in lepton plus jets top-pair events",
    journal = "Phys. Rev. D",
    volume = "93",
    year = "2016",
    pages = 014020,
    doi = "10.1103/PhysRevD.93.014020",
    eprint = "1511.01464",
    archivePrefix = "arXiv",
    primaryClass = "hep-ph"
}

@article{CPVtop:Tevatron,
    author = "Gupta, Sudhir Kumar and Valencia, G.",
    title = "{CP}-odd correlations using jet momenta from \ttbar events at the {Tevatron}",
    journal = "Phys. Rev. D",
    volume = "81",
    year = "2010",
    pages = "034013",
    doi = "10.1103/PhysRevD.81.034013",
    eprint = "0912.0707",
    archivePrefix = "arXiv",
    primaryClass = "hep-ph"
}

@article{Khachatryan:2016bia,
    author = "Khachatryan, Vardan and others",
    title = "The {CMS} trigger system",
    collaboration = "CMS",
    journal = "JINST",
    volume = "12",
    pages = "P01020",
    doi = "10.1088/1748-0221/12/01/P01020",
    year = "2017",
    eprint = "1609.02366",
    archivePrefix = "arXiv",
    primaryClass = "physics.ins-det"
}

@article{CMS:HLT,
    author = "Chatrchyan, S and others",
    title = "Commissioning of the {CMS} high-level trigger with cosmic rays",
    collaboration = "CMS",
    journal = "JINST",
    year = "2010",
    volume = "5",
    pages = "T03005",
    doi = "10.1088/1748-0221/5/03/T03005",
    eprint = "0911.4889",
    archivePrefix = "arXiv",
    primaryClass = "physics.ins-det"
}

@article{CMS:detector,
    author = "Chatrchyan, S. and others",
    title = "The {CMS} Experiment at the {CERN} {LHC}",
    collaboration = "CMS",
    journal = "JINST",
    volume = "3",
    year = "2008",
    pages = "S08004",
    doi = "10.1088/1748-0221/3/08/S08004"
}

@article{Sim:powheg1,
    author = "Nason, Paolo",
    title = "A new method for combining {NLO} {QCD} with shower {Monte Carlo} algorithms",
    journal = "JHEP",
    volume = "11",
    year = "2004",
    pages = "040",
    doi = "10.1088/1126-6708/2004/11/040",
    eprint = "hep-ph/0409146",
    archivePrefix = "arXiv",
    primaryClass = "hep-ph"
}

@article{Sim:powheg2,
    author = "Frixione, Stefano and Nason, Paolo and Oleari, Carlo",
    title = "Matching {NLO} {QCD} computations with parton shower simulations: the {\POWHEG} method",
    journal = "JHEP",
    volume = "11",
    year = "2007",
    pages = "070",
    doi = "10.1088/1126-6708/2007/11/070",
    eprint = "0709.2092",
    archivePrefix = "arXiv",
    primaryClass = "hep-ph"
}

@article{CMS:lumi2016,
    author = "Sirunyan, Albert M and others",
    collaboration = "CMS",
    title = "Precision luminosity measurement in proton-proton collisions at $\sqrt{s}={13\TeV}$ in 2015 and 2016 at {CMS}",
    eprint = "2104.01927",
    archivePrefix = "arXiv",
    primaryClass = "hep-ex",
    year = "2021",
    doi = "10.1140/epjc/s10052-021-09538-2",
    journal = "Eur. Phys. J. C",
    volume = "81",
    pages = "800"
}

@techreport{CMS:lumi2017,
    title = "{CMS} luminosity measurement for the 2017 data-taking period at $\sqrt{s}={13\TeV}$",
    author = "{CMS Collaboration}",
    collaboration = "{CMS}",
    url = "https://cds.cern.ch/record/2621960/",
    type = "CMS Physics Analysis Summary",
    number = "CMS-PAS-LUM-17-004",
    year = "2018"
}

@techreport{CMS:lumi2018,
    title = "{CMS} luminosity measurement for the 2018 data-taking period at $\sqrt{s}={13\TeV}$",
    author = "{CMS Collaboration}",
    collaboration = "{CMS}",
    url = "https://cds.cern.ch/record/2676164/",
    type = "CMS Physics Analysis Summary",
    number = "CMS-PAS-LUM-18-002",
    year = "2019"
}

@article{Sim:powheg3,
    author = "Alioli, Simone and Nason, Paolo and Oleari, Carlo and Re, Emanuele",
    title = "A general framework for implementing {NLO} calculations in shower {Monte Carlo} programs: the {\POWHEG} \textsc{box}",
    journal = "JHEP",
    volume = "06",
    year = "2010",
    pages = "043",
    doi = "10.1007/JHEP06(2010)043",
    eprint = "1002.2581",
    archivePrefix = "arXiv",
    primaryClass = "hep-ph"
}

@article{Sim:powheg4,
    author = "Campbell, John M. and Ellis, R. Keith and Nason, Paolo and Re, Emanuele",
    title = "Top-pair production and decay at {NLO} matched with parton showers",
    journal = "JHEP",
    volume = "04",
    year = "2015",
    pages = "114",
    doi = "10.1007/JHEP04(2015)114",
    eprint = "1412.1828",
    archivePrefix = "arXiv",
    primaryClass = "hep-ph"
}

@article{Sim:pythia2,
    author = "Sj{\"o}strand, Torbj{\"o}rn and Ask, Stefan and Christiansen, Jesper R. and Corke, Richard and Desai, Nishita and Ilten, Philip and Mrenna, Stephen and Prestel, Stefan and Rasmussen, Christine O. and Skands, Peter Z.",
    title = "An introduction to {\PYTHIA} 8.2",
    journal = "Comput. Phys. Commun.",
    volume = "191",
    year = "2015",
    pages = "159",
    doi = "10.1016/j.cpc.2015.01.024",
    eprint = "1410.3012",
    archivePrefix = "arXiv",
    primaryClass = "hep-ph"
}

@article{Sim:CP5,
    author = "Sirunyan, Albert M and others",
    collaboration = "CMS",
    title = "Extraction and validation of a new set of {CMS} {\PYTHIA8} tunes from underlying-event measurements",
    eprint = "1903.12179",
    archivePrefix = "arXiv",
    primaryClass = "hep-ex",
    doi = "10.1140/epjc/s10052-019-7499-4",
    journal = "Eur. Phys. J. C",
    volume = "80",
    pages = "4",
    year = "2020"
}

@article{Sim:NNPDF3.1,
    author = "Ball, Richard D. and others",
    title = "Parton distributions from high-precision collider data",
    collaboration = "NNPDF",
    journal = "Eur. Phys. J. C",
    volume = "77",
    year = "2017",
    pages = "663",
    doi = "10.1140/epjc/s10052-017-5199-5",
    eprint = "1706.00428",
    archivePrefix = "arXiv",
    primaryClass = "hep-ph"
}

@article{Sim:CUETP8M1,
    author = "Khachatryan, Vardan and others",
    collaboration = "CMS",
    title = "Event generator tunes obtained from underlying event and multiparton scattering measurements",
    eprint = "1512.00815",
    archivePrefix = "arXiv",
    primaryClass = "hep-ex",
    doi = "10.1140/epjc/s10052-016-3988-x",
    journal = "Eur. Phys. J. C",
    volume = "76",
    pages = "155",
    year = "2016"
}

@article{Sim:FXFX,
    author = "Frederix, Rikkert and Frixione, Stefano",
    title = "Merging meets matching in {\MCATNLO}",
    eprint = "1209.6215",
    archivePrefix = "arXiv",
    primaryClass = "hep-ph",
    doi = "10.1007/JHEP12(2012)061",
    journal = "JHEP",
    volume = "12",
    pages = "061",
    year = "2012"
}

@article{Sim:MLMmatching,
    author = "Alwall, J. and Hoche, S. and Krauss, F. and Lavesson, N. and Lonnblad, L. and Maltoni, F. and Mangano, M. L. and Moretti, M. and Papadopoulos, C. G. and Piccinini, F. and Schumann, S. and Treccani, M. and Winter, J. and Worek, M.",
    title = "Comparative study of various algorithms for the merging of parton showers and matrix elements in hadronic collisions",
    eprint = "0706.2569",
    archivePrefix = "arXiv",
    primaryClass = "hep-ph",
    doi = "10.1140/epjc/s10052-007-0490-5",
    journal = "Eur. Phys. J. C",
    volume = "53",
    pages = "473",
    year = "2008"
}

@article{Sim:geant4,
    author = "Agostinelli, S. and others",
    collaboration = "GEANT4",
    title = "{\GEANTfour}---a simulation toolkit",
    doi = "10.1016/S0168-9002(03)01368-8",
    journal = "Nucl. Instrum. Meth. A",
    volume = "506",
    pages = "250",
    year = "2003"
}

@article{Sim:pileup,
    author = "Sirunyan, Albert M and others",
    collaboration = "CMS",
    title = "Measurement of the inelastic proton-proton cross section at $\sqrt{s}={13\TeV}$",
    eprint = "1802.02613",
    archivePrefix = "arXiv",
    primaryClass = "hep-ex",
    doi = "10.1007/JHEP07(2018)161",
    journal = "JHEP",
    volume = "07",
    pages = "161",
    year = "2018"
}

@article{Sim:madgraph,
    author = "Alwall, J. and Frederix, R. and Frixione, S. and Hirschi, V. and Maltoni, F. and Mattelaer, O. and Shao, H. -S. and Stelzer, T. and Torrielli, P. and Zaro, M.",
    title = "The automated computation of tree-level and next-to-leading order differential cross sections, and their matching to parton shower simulations",
    journal = "JHEP",
    volume = "07",
    year = "2014",
    pages = "079",
    doi = "10.1007/JHEP07(2014)079",
    eprint = "1405.0301",
    archivePrefix = "arXiv",
    primaryClass = "hep-ph"
}

@article{CMS:particle_flow,
    author = "Sirunyan, Albert M and others",
    title = "Particle-flow reconstruction and global event description with the {CMS} detector",
    collaboration = "CMS",
    journal = "JINST",
    volume = "12",
    year = "2017",
    pages = "P10003",
    doi = "10.1088/1748-0221/12/10/P10003",
    eprint = "1706.04965",
    archivePrefix = "arXiv",
    primaryClass = "physics.ins-det"
}

@article{CMS:2008rxa,
    collaboration = "CMS",
    title = "{Measuring Electron Efficiencies at CMS with Early Data}",
    reportNumber = "CMS-PAS-EGM-07-001, CMS-PAS-EGM-07-001",
    month = "12",
    year = "2008"
}

@article{CMS:el_reliso,
    author = "Sirunyan, Albert M and others",
    collaboration = "CMS",
    title = "Electron and photon reconstruction and identification with the {CMS} experiment at the {CERN} {LHC}",
    eprint = "2012.06888",
    archivePrefix = "arXiv",
    primaryClass = "hep-ex",
    doi = "10.1088/1748-0221/16/05/P05014",
    journal = "JINST",
    volume = "16",
    pages = "P05014",
    year = "2021"
}

@article{CMS:el_PF,
    author = "Khachatryan, Vardan and others",
    title = "Performance of electron reconstruction and selection with the {CMS} detector in proton-proton collisions at $\sqrt{s}={8\TeV}$",
    collaboration = "CMS",
    journal = "JINST",
    volume = "10",
    year = "2015",
    pages = "P06005",
    doi = "10.1088/1748-0221/10/06/P06005",
    eprint = "1502.02701",
    archivePrefix = "arXiv",
    primaryClass = "physics.ins-det"
}

@article{CMS:2020cmk,
    author = "Sirunyan, Albert M and others",
    collaboration = "CMS",
    title = "{Performance of the CMS Level-1 trigger in proton-proton collisions at $\sqrt{s} =$ 13 TeV}",
    eprint = "2006.10165",
    archivePrefix = "arXiv",
    primaryClass = "hep-ex",
    reportNumber = "CMS-TRG-17-001, CERN-EP-2020-065",
    doi = "10.1088/1748-0221/15/10/P10017",
    journal = "JINST",
    volume = "15",
    number = "10",
    pages = "P10017",
    year = "2020"
}

@article{CMS:mu_PF,
    author = "Sirunyan, Albert M and others",
    title = "Performance of the {CMS} muon detector and muon reconstruction with proton-proton collisions at $\sqrt{s}={13\TeV}$",
    collaboration = "CMS",
    journal = "JINST",
    volume = "13",
    year = "2018",
    pages = "P06015",
    doi = "10.1088/1748-0221/13/06/P06015",
    eprint = "1804.04528",
    archivePrefix = "arXiv",
    primaryClass = "physics.ins-det"
}

@article{Fruhwirth:2007hz,
    author = "Fruhwirth, R. and Waltenberger, W. and Vanlaer, P.",
    title = "{Adaptive vertex fitting}",
    reportNumber = "CERN-CMS-NOTE-2007-008, CMS-NOTE-2007-008",
    doi = "10.1088/0954-3899/34/12/N01",
    journal = "J. Phys. G",
    volume = "34",
    pages = "N343",
    year = "2007"
}

@article{CMS:2014pgm,
    author = "Chatrchyan, Serguei and others",
    collaboration = "CMS",
    title = "{Description and performance of track and primary-vertex reconstruction with the CMS tracker}",
    eprint = "1405.6569",
    archivePrefix = "arXiv",
    primaryClass = "physics.ins-det",
    reportNumber = "CMS-TRK-11-001, CERN-PH-EP-2014-070",
    doi = "10.1088/1748-0221/9/10/P10009",
    journal = "JINST",
    volume = "9",
    number = "10",
    pages = "P10009",
    year = "2014"
}

@article{Fruhwirth:1987fm,
    author = "Fruhwirth, R.",
    title = "{Application of Kalman filtering to track and vertex fitting}",
    reportNumber = "HEPHY-PUB-87-503",
    doi = "10.1016/0168-9002(87)90887-4",
    journal = "Nucl. Instrum. Meth. A",
    volume = "262",
    pages = "444",
    year = "1987"
}

@article{CMS:fastjet,
      author = "Cacciari, Matteo and Salam, Gavin P. and Soyez, Gregory",
      title = "{\FASTJET} user manual",
      journal = "Eur. Phys. J. C",
      volume = "72",
      pages = "1896",
      doi = "10.1140/epjc/s10052-012-1896-2",
      year = "2012",
      eprint = "1111.6097",
      archivePrefix = "arXiv",
      primaryClass = "hep-ph"
}

@article{CMS:antikt,
    author = "Cacciari, Matteo and Salam, Gavin P. and Soyez, Gregory",
    title = "The anti-\kt jet clustering algorithm",
    journal = "JHEP",
    volume = "04",
    year = "2008",
    pages = "063",
    doi = "10.1088/1126-6708/2008/04/063",
    eprint = "0802.1189",
    archivePrefix = "arXiv",
    primaryClass = "hep-ex"
}

@article{CMS:CR1,
    author = "Christiansen, Jesper R. and Skands, Peter Z.",
    title = "String formation beyond leading colour",
    eprint = "1505.01681",
    archivePrefix = "arXiv",
    primaryClass = "hep-ph",
    doi = "10.1007/JHEP08(2015)003",
    journal = "JHEP",
    volume = "08",
    pages = "003",
    year = "2015"
}

@article{CMS:CR2,
    author = "Argyropoulos, Spyros and Sj{\"o}strand, Torbj{\"o}rn",
    title = "Effects of color reconnection on \ttbar final states at the {LHC}",
    eprint = "1407.6653",
    archivePrefix = "arXiv",
    primaryClass = "hep-ph",
    doi = "10.1007/JHEP11(2014)043",
    journal = "JHEP",
    volume = "11",
    pages = "043",
    year = "2014"
}

@article{CMS:2020ebo,
    author = "Sirunyan, Albert M and others",
    collaboration = "CMS",
    title = "{Pileup mitigation at CMS in 13 TeV data}",
    eprint = "2003.00503",
    archivePrefix = "arXiv",
    primaryClass = "hep-ex",
    reportNumber = "CMS-JME-18-001, CERN-EP-2020-017",
    doi = "10.1088/1748-0221/15/09/P09018",
    journal = "JINST",
    volume = "15",
    number = "09",
    pages = "P09018",
    year = "2020"
}

@article{CMS:bjet_eff,
    author = "Sirunyan, A. M. and others",
    title = "Identification of heavy-flavour jets with the {CMS} detector in \pp collisions at {13\TeV}",
    collaboration = "CMS",
    journal = "JINST",
    volume = "13",
    eprint = "1712.07158",
    archivePrefix = "arXiv",
    pages = "P05011",
    doi = "10.1088/1748-0221/13/05/P05011",
    year = "2018"
}

@article{CMS:sorting_algo,
    author = "Khachatryan, Vardan and others",
    collaboration = "CMS",
    title = "Measurements of the \ttbar production cross section in lepton+jets final states in \pp collisions at {8\TeV} and ratio of 8 to {7\TeV} cross sections",
    eprint = "1602.09024",
    archivePrefix = "arXiv",
    primaryClass = "hep-ex",
    doi = "10.1140/epjc/s10052-016-4504-z",
    journal = "Eur. Phys. J. C",
    volume = "77",
    pages = "15",
    year = "2017"
}

@article{CMS:symmhessian,
    author = "Buckley, Andy and Ferrando, James and Lloyd, Stephen and Nordstr{\"o}m, Karl and Page, Ben and R{\"u}fenacht, Martin and Sch{\"o}nherr, Marek and Watt, Graeme",
    title = "{LHAPDF6}: parton density access in the {LHC} precision era",
    eprint = "1412.7420",
    archivePrefix = "arXiv",
    primaryClass = "hep-ph",
    reportNumber = "GLAS-PPE-2014-05, MCNET-14-29, IPPP-14-111, DCPT-14-222",
    doi = "10.1140/epjc/s10052-015-3318-8",
    journal = "Eur. Phys. J. C",
    volume = "75",
    pages = "132",
    year = "2015"
}
